<record><leader>00000cas a22000007a 4500</leader><controlfield tag="001">15498879</controlfield><controlfield tag="008">870407d18831901iaudn ne      0    0eng d</controlfield><datafield ind1=" " ind2=" " tag="010"><subfield code="a">sn 87057102 </subfield></datafield><datafield ind1=" " ind2=" " tag="040"><subfield code="a">INP</subfield><subfield code="b">eng</subfield><subfield code="c">INP</subfield><subfield code="d">OCLCQ</subfield></datafield><datafield ind1=" " ind2=" " tag="042"><subfield code="a">msc</subfield></datafield><datafield ind1="0" ind2="4" tag="245"><subfield code="a">The Daily Iowa capital.</subfield></datafield><datafield ind1="1" ind2="3" tag="246"><subfield code="a">Capital</subfield></datafield><datafield ind1=" " ind2=" " tag="260"><subfield code="a">Des Moines :</subfield><subfield code="b">Capital Pub. Co.,</subfield><subfield code="c">1883-1901.</subfield></datafield><datafield ind1=" " ind2=" " tag="300"><subfield code="a">17 v.</subfield></datafield><datafield ind1=" " ind2=" " tag="310"><subfield code="a">Daily (except Sunday)</subfield></datafield><datafield ind1="0" ind2=" " tag="362"><subfield code="a">Vol. 1, no. 1 (Sept. 1, 1883)-v. 17, no. 312 (Jan. 10, 1901).</subfield></datafield><datafield ind1=" " ind2=" " tag="500"><subfield code="a">Publisher varies.</subfield></datafield><datafield ind1=" " ind2=" " tag="500"><subfield code="a">Published in several editions daily, &lt;Apr. 28, 1890&gt;-Jan. 10, 1901.</subfield></datafield><datafield ind1=" " ind2=" " tag="752"><subfield code="a">United States</subfield><subfield code="b">Iowa</subfield><subfield code="c">Polk</subfield><subfield code="d">Des Moines.</subfield></datafield><datafield ind1="0" ind2=" " tag="775"><subfield code="t">Iowa capital</subfield><subfield code="w">(DLC)sn 87057202</subfield></datafield><datafield ind1="0" ind2="0" tag="785"><subfield code="t">Des Moines daily capital</subfield><subfield code="w">(DLC)sn 87057103</subfield></datafield></record>